@inproceedings{Jiang-etal:2007,
    author    = {Hsin-yi Jiang and Nguyen, T.N. and Chang, C.K. and Fei Dong},
    booktitle = {Computer Software and Applications Conference, 2007. COMPSAC 2007. 31st Annual International},
    title     = {Traceability Link Evolution Management with Incremental Latent Semantic Indexing},
    year      = {2007},
    month     = {July},
    volume    = {1},
    pages     = {309-316},
}

@phdthesis{Rao:2013,
    author  = {Rao, Shivani},
    year    = 2013,
    title   = {Incremental update framework for efficient retrieval from software libraries for bug localization},
    pages   = {173},
}

@inproceedings{Corley-etal:2014,
    title        = {Modeling Changeset Topics},
    author       = {Corley, Christopher S and Kashuda, Kelly L and May, Daniel S and Kraft, Nicholas A},
    year         = 2014,
    booktitle    = {Proc.\ 4th Wksp.\ on Mining Unstructured Data},
}

@inproceedings{Corley-etal:2011,
    author       = {Corley, Christopher S. and Kraft, Nicholas A. and Etzkorn, Letha H. and Lukins, Stacy K.},
    title        = {Recovering Traceability Links Between Source Code and Fixed Bugs via Patch Analysis},
    booktitle    = {Proceedings of the 6th International Workshop on Traceability in Emerging Forms of Software Engineering},
    series       = {TEFSE '11},
    year         = {2011},
    location     = {Waikiki, Honolulu, HI, USA},
    pages        = {31--37},
    publisher    = {ACM},
    address      = {New York, NY, USA},
} 

@inproceedings{Marcus-etal:2004,
    author       = {A. Marcus and A. Sergeyev and V. Rajlich and J.I. Maletic},
    title        = {An Information Retrieval Approach to Concept Location in Source Code},
    booktitle    = {Proc.\ 11th Working Conf.\ on Reverse Engineering},
    year         = 2004,
    pages        = {214--223},
}
@inproceedings{Marcus-Menzies:2010,
    author       = {A. Marcus and T. Menzies},
    title        = {Software is data too},
    booktitle    = {Proc.\ of the FSE/SDP Wksp.\ on Future of Software Engineering Research},
    year         = 2010,
    pages        = {229--232},
}

@inproceedings{Ernst:2004,
    title        = {Static and dynamic analysis: synergy and duality},
    author       = {Ernst, Michael D},
    booktitle    = {Proceedings of the ACM-SIGPLAN-SIGSOFT Workshop on Program Analysis for Software Tools and Engineering},
    pages        = {35--35},
    year         = {2004}
}

@inproceedings{Wilson:2010,
    author       = {Wilson, L.A.},
    booktitle    = {Software Maintenance (ICSM), 2010 IEEE International Conference on},
    title        = {Using ontology fragments in concept location},
    year         = {2010},
    month        = {Sept},
    pages        = {1-2},
}


@inproceedings{Petrenko-etal:2008,
    author       = {Petrenko, M. and Rajlich, V. and Vanciu, R.},
    booktitle    = {Program Comprehension, 2008. ICPC 2008. The 16th IEEE International Conference on},
    title        = {Partial Domain Comprehension in Software Evolution and Maintenance},
    year         = {2008},
    month        = {June},
    pages        = {13-22},
}




@article{Eisenbarth-etal:2003,
    author       = {Eisenbarth, T. and Koschke, R. and Simon, D.},
    journal      = {Software Engineering, IEEE Transactions on},
    title        = {Locating features in source code},
    year         = {2003},
    month        = {March},
    volume       = {29},
    number       = {3},
    pages        = {210-224},
}


@article{Rajlich-Gosavi:2004,
    author       = {Rajlich, V. and Gosavi, P.},
    journal      = {Software, IEEE},
    title        = {Incremental change in object-oriented programming},
    year         = {2004},
    month        = {July},
    volume       = {21},
    number       = {4},
    pages        = {62-69},
}


@inproceedings{Eisenbarth-etal:2001,
    author       = {Eisenbarth, T. and Koschke, R. and Simon, D.},
    booktitle    = {Software Maintenance, 2001. Proceedings. IEEE International Conference on},
    title        = {Aiding program comprehension by static and dynamic feature analysis},
    year         = {2001},
    month        = {},
    pages        = {602-611},
}

@inproceedings{Biggerstaff-etal:1993,
    author       = {Biggerstaff, Ted J. and Mitbander, Bharat G. and Webster, Dallas},
    title        = {The Concept Assignment Problem in Program Understanding},
    booktitle    = {Proceedings of the 15th International Conference on Software Engineering},
    series       = {ICSE '93},
    year         = {1993},
    pages        = {482--498},
    publisher    = {IEEE Computer Society Press},
    address      = {Los Alamitos, CA, USA},
}


@article{Dit-etal:2013b,
    title        = {Feature location in source code: a taxonomy and survey},
    author       = {Dit, Bogdan and Revelle, Meghan and Gethers, Malcom and Poshyvanyk, Denys},
    journal      = {Journal of Software: Evolution and Process},
    volume       = {25},
    number       = {1},
    pages        = {53--95},
    year         = {2013},
    publisher    = {Wiley Online Library}
}


@inproceedings{Revelle-etal:2010,
    title        = {Using data fusion and web mining to support feature location in software},
    author       = {Revelle, Meghan and Dit, Bogdan and Poshyvanyk, Denys},
    booktitle    = {Program Comprehension (ICPC), 2010 IEEE 18th International Conference on},
    pages        = {14--23},
    year         = {2010},
    organization = {IEEE}
}

@article{Binkley-Lawrie:2010,
    title        = {Information retrieval applications in software development},
    author       = {Binkley, David and Lawrie, Dawn},
    journal      = {Encyclopedia of Software Engineering, Taylor \& Francis LLC, London},
    pages        = {231--242},
    year         = {2010}
}

@article{Revelle-Coppitt:UNK,
    title        = {Improving Feature Location by Combining Dynamic Analysis and Static Inferences},
    author       = {Revelle, Meghan and Coppit, David}
}

@inproceedings{Moonen:2001,
    title        = {Generating robust parsers using island grammars},
    author       = {Moonen, Leon},
    booktitle    = {Reverse Engineering, 2001. Proceedings. Eighth Working Conference on},
    pages        = {13--22},
    year         = {2001},
    organization = {IEEE}
}


@misc{Basili-etal:94
    , author     = {V. Basili and G. Caldiera and H.D. Rombach}
    , title      = {The Goal Question Metric Approach}
    , year       = 1994
    , url        = {ftp://ftp.cs.umd.edu/pub/sel/papers/gqm.pdf}
}

@article{Blei-etal:2003,
    Author       = {D. Blei and A. Ng and M. Jordan},
    Journal      = {Journal of Machine Learning Research},
    Pages        = {993--1022},
    Title        = {Latent {D}irichlet allocation},
    Volume       = 3,
    Year         = 2003,
}

@article{Poshyvanyk-etal:2007,
    title        = {Feature location using probabilistic ranking of methods based on execution scenarios and information retrieval},
    author       = {Poshyvanyk, Denys and Gu{\'e}h{\'e}neuc, Y-G and Marcus, Andrian and Antoniol, Giuliano and Rajlich, Vaclav},
    journal      = {Software Engineering, IEEE Transactions on},
    volume       = {33},
    number       = {6},
    pages        = {420--432},
    year         = {2007},
    publisher    = {IEEE}
}

@INPROCEEDINGS{Antoniol-Gueheneuc:2005,
    author       = {Antoniol, G. and Gueheneuc, Y.-G.},
    booktitle    = {Software Maintenance, 2005. ICSM'05. Proceedings of the 21st IEEE International Conference on},
    title        = {Feature identification: a novel approach and a case study},
    year         = {2005},
    month        = {Sept},
    pages        = {357-366},
}

@inproceedings{Voorhees:1999,
    title        = {The TREC-8 Question Answering Track Report.},
    author       = {Voorhees, Ellen M},
    booktitle    = {TREC},
    volume       = {99},
    pages        = {77--82},
    year         = {1999}
}


@article{Corbi:1989,
    author       = {T.A. Corbi},
    title        = {Program understanding: challenge for the 1990's},
    journal      = {IBM Syst. J.},
    volume       = 28,
    number       = 2,
    year         = 1989,
    pages        = {294--306}
}

@inproceedings{Dit-etal:2013,
    title        = {A dataset from change history to support evaluation of software maintenance tasks},
    author       = {Dit, Bogdan and Holtzhauer, Andrew and Poshyvanyk, Denys and Kagdi, Huzefa},
    booktitle    = {Mining Software Repositories (MSR), 2013 10th IEEE Working Conference on},
    pages        = {131--134},
    year         = {2013},
    organization = {IEEE}
}

@inproceedings{Moreno-etal:2014,
    title        = {On the Use of Stack Traces to Improve Text Retrieval-Based Bug Localization},
    author       = {Laura Moreno and John Joseph Treadway and Andrian Marcus and Wuwei Shen},
    Booktitle    = {Proc.\ IEEE Int'l Conf.\ on Software Maintenance and Evolution},
    year         = {2014},
    organization = {IEEE}
}

@incollection{Radim:2011,
    year         = {2011},
    booktitle    = {Advances in Information Retrieval},
    volume       = {6611},
    series       = {Lecture Notes in Computer Science},
    editor       = {Clough, Paul and Foley, Colum and Gurrin, Cathal and Jones, GarethJ.F. and Kraaij, Wessel and Lee, Hyowon and Mudoch, Vanessa},
    title        = {Subspace Tracking for Latent Semantic Analysis},
    publisher    = {Springer Berlin Heidelberg},
    author       = {Radim {\v R}eh{\r u}{\v r}ek},
    pages        = {289-300},
}

@article{Porter:1980,
    Author       = {Porter, Martin F.},
    Journal      = {Program: electronic library and information systems},
    Number       = 3,
    Pages        = {130--137},
    Title        = {An algorithm for suffix stripping},
    Volume       = 14,
    Year         = 1980,
}

@inproceedings{Hindle-etal:2009,
    Author       = {Hindle, Abram and Godfrey, Michael W. and Holt, Richard C.},
    Booktitle    = {Proc.\ IEEE Int'l Conf.\ on Software Maintenance},
    Pages        = {339--348},
    Title        = {What's hot and what's not: Windowed developer topic analysis},
    Year         = 2009,
}

@inproceedings{Bassett-Kraft:2013,
    Author       = {Bassett, Blake and Kraft, Nicholas A.},
    Booktitle    = {Proc.\ IEEE Int'l Conf.\ on Program Comprehension},
    Pages        = {133--141},
    Title        = {Structural information based term weighting in text retrieval for feature location},
    Year         = 2013,
}

@inproceedings{Binkley-etal:2014,
    Author       = {Binkley, David and Heinz, Daniel and Lawrie, Dawn and Overfelt, Justin},
    Title        = {Understanding {LDA} in Source Code Analysis},
    Booktitle    = {Proc.\ IEEE Int'l Conf.\ on Program Comprehension},
    Year         = 2014,
    Pages        = {26--36},
}

@inproceedings{Steyvers-etal:2004,
    author       = {Steyvers, Mark and Smyth, Padhraic and Rosen-Zvi, Michal and Griffiths, Thomas},
    title        = {Probabilistic Author-topic Models for Information Discovery},
    booktitle    = {Proc.\ {ACM SIGKDD} Int'l Conf.\ on Knowledge Discovery and Data Mining},
    year         = 2004,
    pages        = {306--315},
}

@inproceedings{Rao-etal:2013,
    author       = {Shivani Rao and Henry Medeiros and Avinash Kak},
    title        = {An incremental update framework for efficient retrieval from software libraries for bug localization},
    booktitle    = {Proc.\ Working Conf.\ on Reverse Engineering},
    year         = 2013,
    pages        = {62--71},
}

@inproceedings{Linstead-etal:2007,
    author       = {Linstead, E. and Rigor, P. and Bajracharya, S. and Lopes, C. and Baldi, P.},
    booktitle    = {Proc.\ Int'l Wksp.\ on Mining Software Repositories},
    pages        = 30,
    title        = {Mining Eclipse Developer Contributions via Author-Topic Models},
    year         = 2007,
}

@inproceedings{Corley-etal:2012,
    author       = {Corley, Christopher S. and Kammer, Elizabeth A. and Kraft, Nicholas A.},
    booktitle    = {Proc.\ IEEE Int'l Conf.\ on Program Comprehension},
    pages        = {173--182},
    title        = {Modeling the ownership of source code topics},
    year         = 2012,
}

@inproceedings{Biggers-etal:2011,
    author       = {Biggers, Lauren R. and Eddy, Brian P. and Kraft, Nicholas A. and Etzkorn, Letha H.},
    booktitle    = {Proc.\ IEEE Int'l Conf.\ on Software Maintenance},
    pages        = {492--495},
    title        = {Toward a metrics suite for source code lexicons},
    year         = 2011,
}

@article{Biggers-etal:2014,
    title        = {Configuring latent {D}irichlet allocation based feature location},
    author       = {Biggers, Lauren R. and Bocovich, Cecylia and Capshaw, Riley and Eddy, Brian P. and Etzkorn, Letha H. and Kraft, Nicholas A.},
    journal      = {Empirical Software Engineering},
    volume       = 19,
    number       = 3,
    pages        = {465--500},
    year         = 2014,
}

@inproceedings{Zhai-Boyd-Graber:2013,
    Author       = {Ke Zhai and Jordan Boyd-Graber},
    Booktitle    = {Proc.\ Int'l Conf.\ on Machine Learning},
    Year         = 2013,
    Title        = {Online Topic Models with Infinite Vocabulary},
    volume       = 28,
    number       = 1,
    series       = {JMLR: Workshop and Conference Proceedings},
    pages        = {561--569},
}


@inproceedings{Lukins-etal:2008,
    author       = {Lukins, Stacy K. and Kraft, Nicholas A. and Etzkorn, Letha H.},
    title        = {Source Code Retrieval for Bug Localization Using Latent Dirichlet Allocation},
    booktitle    = {Proc.\ 15th Working Conf.\ on Reverse Engineering},
    year         = 2008,
    pages        = {155--164},
}

@inproceedings{Rajlich-Wilde:2002,
    author       = {Rajlich, V\'{a}clav and Wilde, Norman},
    title        = {The Role of Concepts in Program Comprehension},
    booktitle    = {Proc.\ 10th Int'l Wksp.\ on Program Comprehension},
    year         = 2002,
    pages        = 271,
}

@inproceedings{Linstead-etal:2007b,
    author       = {Linstead, Erik and Rigor, Paul and Bajracharya, Sushil and Lopes, Cristina and Baldi, Pierre},
    title        = {Mining Concepts from Code with Probabilistic Topic Models},
    booktitle    = {Proc.\ 22nd IEEE/ACM Int'l Conf.\ on Automated Software Engineering},
    year         = 2007,
    pages        = {461--464},
    doi          = {10.1145/1321631.1321709},
}

@inproceedings{Rosen-Zvi-etal:2004,
    author       = {Rosen-Zvi, Michal and Griffiths, Thomas and Steyvers, Mark and Smyth, Padhraic},
    title        = {The Author-topic Model for Authors and Documents},
    booktitle    = {Proceedings of the 20th Conference on Uncertainty in Artificial Intelligence},
    series       = {UAI '04},
    year         = {2004},
    location     = {Banff, Canada},
    pages        = {487--494},
    publisher    = {AUAI Press},
    address      = {Arlington, Virginia, United States}
}


@inproceedings{Chang-etal:2009,
    title        = {Reading tea leaves: How humans interpret topic models},
    author       = {Chang, Jonathan and Gerrish, Sean and Wang, Chong and Boyd-graber, Jordan L and Blei, David M},
    booktitle    = {Advances in neural information processing systems},
    pages        = {288--296},
    year         = 2009,
}

@INPROCEEDINGS{Canini-etal:2009,
    author       = {Kevin R. Canini and Lei Shi and Helen Wills Neuroscience and Thomas L. Griffiths},
    title        = {Online inference of topics with latent Dirichlet allocation},
    booktitle    = {In Proceedings of the International Conference on Artificial Intelligence and Statistics},
    year         = {2009},
}

@inproceedings{Hoffman-etal:2010,
    author       = {Matthew D. Hoffman and David M. Blei and Francis R. Bach},
    title        = {Online Learning for Latent {D}irichlet Allocation},
    booktitle    = {Proc.\ 25th Annual Conf.\ on Neural Information Processing Systems},
    year         = 2010,
    pages        = {856--864},
}

@inproceedings{Blei-Lafferty:2006,
    author       = {Blei, David M. and Lafferty, John D.},
    title        = {Dynamic Topic Models},
    booktitle    = {Proceedings of the 23rd International Conference on Machine Learning},
    series       = {ICML '06},
    year         = {2006},
    location     = {Pittsburgh, Pennsylvania},
    pages        = {113--120},
    publisher    = {ACM},
    address      = {New York, NY, USA},
}

@inproceedings{AlSumait-etal:2008,
    author       = {AlSumait, Loulwah and Barbar\'{a}, Daniel and Domeniconi, Carlotta},
    title        = {On-line LDA: Adaptive Topic Models for Mining Text Streams with Applications to Topic Detection and Tracking},
    booktitle    = {Proceedings of the 2008 Eighth IEEE International Conference on Data Mining},
    series       = {ICDM '08},
    year         = {2008},
    pages        = {3--12},
    publisher    = {IEEE Computer Society},
    address      = {Washington, DC, USA},
}

@article{Wang-etal:2012,
    author       = {Chong Wang and David M. Blei and David Heckerman},
    title        = {Continuous Time Dynamic Topic Models},
    journal      = {CoRR},
    volume       = {abs/1206.3298},
    year         = {2012},
}

@inproceedings{Wang-McCallum:2006,
    author       = {Wang, Xuerui and McCallum, Andrew},
    title        = {Topics over Time: A non-Markov Continuous-time Model of Topical Trends},
    booktitle    = {Proceedings of the 12th ACM SIGKDD International Conference on Knowledge Discovery and Data Mining},
    series       = {KDD '06},
    year         = {2006},
    location     = {Philadelphia, PA, USA},
    pages        = {424--433},
    publisher    = {ACM},
    address      = {New York, NY, USA},
}

@article{Linstead-etal:2008,
    author       = {Erik Linstead and Cristina Lopes and Pierre Baldi},
    title        = {An Application of Latent Dirichlet Allocation to Analyzing Software Evolution},
    journal      = {Machine Learning and Applications, Fourth International Conference on},
    volume       = {0},
    year         = {2008},
    pages        = {813-818},
    publisher    = {IEEE Computer Society},
    address      = {Los Alamitos, CA, USA},
}

@inproceedings{Thomas-etal:2011,
    author       = {Thomas, Stephen W. and Adams, Bram and Hassan, Ahmed E. and Blostein, Dorothea},
    title        = {Modeling the Evolution of Topics in Source Code Histories},
    booktitle    = {Proc.\ 8th Working Conf.\ on Mining Software Repositories},
    year         = 2011,
    pages        = {173--182},
    doi          = {10.1145/1985441.1985467},
}

@inproceedings{Abebe-etal:2009,
    author       = {Abebe, Surafel Lemma and Haiduc, Sonia and Marcus, Andrian and Tonella, Paolo and Antoniol, Giuliano},
    title        = {Analyzing the Evolution of the Source Code Vocabulary},
    booktitle    = {Proceedings of the 2009 European Conference on Software Maintenance and Reengineering},
    series       = {CSMR '09},
    year         = {2009},
    pages        = {189--198},
    publisher    = {IEEE Computer Society},
    address      = {Washington, DC, USA},
}


@article{Antoniol-Gueheneuc:2006,
    author       = {Antoniol, G. and Gueheneuc, Y.-G.},
    journal      = {Software Engineering, IEEE Transactions on},
    title        = {Feature Identification: An Epidemiological Metaphor},
    year         = {2006},
    month        = {Sept},
    volume       = {32},
    number       = {9},
    pages        = {627-641},
}


@article{Port-etal:2011,
    author       = {Dan Port and Allen Nikora and Jairus Hihn and LiGuo Huang},
    title        = {Experiences with text mining large collections of unstructured systems development artifacts at jpl},
    journal      = {Software Engineering, International Conference on},
    volume       = {},
    year         = {2011},
    pages        = {701-710},
    publisher    = {IEEE Computer Society},
    address      = {Los Alamitos, CA, USA},
}



@inproceedings{Rao-Kak:2011,
    author       = {Rao, Shivani and Kak, Avinash},
    title        = {Retrieval from Software Libraries for Bug Localization: A Comparative Study of Generic and Composite Text Models},
    booktitle    = {Proceedings of the 8th Working Conference on Mining Software Repositories},
    series       = {MSR '11},
    year         = {2011},
    location     = {Waikiki, Honolulu, HI, USA},
    pages        = {43--52},
    publisher    = {ACM},
    address      = {New York, NY, USA},
}

@INPROCEEDINGS{Zhou-etal:2012,
    author       = {Jian Zhou and Hongyu Zhang and Lo, D.},
    booktitle    = {Software Engineering (ICSE), 2012 34th International Conference on},
    title        = {Where should the bugs be fixed? More accurate information retrieval-based bug localization based on bug reports},
    year         = {2012},
    month        = {June},
    pages        = {14-24},
}

@INPROCEEDINGS{Sisman-etal:2013,
    author       = {Sisman, B. and Kak, A.C.},
    booktitle    = {Mining Software Repositories (MSR), 2013 10th IEEE Working Conference on},
    title        = {Assisting code search with automatic Query Reformulation for bug localization},
    year         = {2013},
    month        = {May},
    pages        = {309-318},
}

@INPROCEEDINGS{Haiduc-etal:2011,
    author       = {Haiduc, S.},
    booktitle    = {Automated Software Engineering (ASE), 2011 26th IEEE/ACM International Conference on},
    title        = {Automatically detecting the quality of the query and its implications in IR-based concept location},
    year         = {2011},
    month        = {Nov},
    pages        = {637-640},
}


@inproceedings{Maskeri-etal:2008,
    author       = {Maskeri, Girish and Sarkar, Santonu and Heafield, Kenneth},
    title        = {Mining Business Topics in Source Code Using Latent Dirichlet Allocation},
    booktitle    = {Proceedings of the 1st India Software Engineering Conference},
    series       = {ISEC '08},
    year         = {2008},
    location     = {Hyderabad, India},
    pages        = {113--120},
    publisher    = {ACM},
    address      = {New York, NY, USA},
}


@INPROCEEDINGS{Tian-etal:2009,
    author       = {Kai Tian and Revelle, M. and Poshyvanyk, D.},
    booktitle    = {Mining Software Repositories, 2009. MSR '09. 6th IEEE International Working Conference on},
    title        = {Using Latent Dirichlet Allocation for automatic categorization of software},
    year         = {2009},
    month        = {May},
    pages        = {163-166},
}

@INPROCEEDINGS{Gethers-etal:2011,
    author       = {Gethers, M. and Savage, T. and Di Penta, M. and Oliveto, R. and Poshyvanyk, D. and De Lucia, A.},
    booktitle    = {Software Engineering (ICSE), 2011 33rd International Conference on},
    title        = {CodeTopics: which topic am I coding now?},
    year         = {2011},
    month        = {May},
    pages        = {1034-1036},
}

@inproceedings{Bernardi-etal:2011,
    author       = {Bernardi, Mario Luca and Sementa, Carmine and Zagarese, Quirino and Distante, Damiano and Di Penta, Massimiliano},
    title        = {What Topics Do Firefox and Chrome Contributors Discuss?},
    booktitle    = {Proceedings of the 8th Working Conference on Mining Software Repositories},
    series       = {MSR '11},
    year         = {2011},
    location     = {Waikiki, Honolulu, HI, USA},
    pages        = {234--237},
    publisher    = {ACM},
    address      = {New York, NY, USA},
}

@inproceedings{Andrzejewski-etal:2007,
    author       = {Andrzejewski, David and Mulhern, Anne and Liblit, Ben and Zhu, Xiaojin},
    title        = {Statistical Debugging Using Latent Topic Models},
    booktitle    = {Proceedings of the 18th European Conference on Machine Learning},
    series       = {ECML '07},
    year         = {2007},
    location     = {Warsaw, Poland},
    pages        = {6--17},
    publisher    = {Springer-Verlag},
    address      = {Berlin, Heidelberg},
}

@inproceedings{Zimmermann-etal:2007,
    author       = {Zimmermann, Thomas and Premraj, Rahul and Zeller, Andreas},
    title        = {Predicting Defects for Eclipse},
    booktitle    = {Proceedings of the Third International Workshop on Predictor Models in Software Engineering},
    series       = {PROMISE '07},
    year         = {2007},
    pages        = {9--},
    publisher    = {IEEE Computer Society},
    address      = {Washington, DC, USA},
}

@inproceedings{Canfora-etal:2006,
    author       = {Canfora, Gerardo and Cerulo, Luigi},
    title        = {Fine Grained Indexing of Software Repositories to Support Impact Analysis},
    booktitle    = {Proceedings of the 2006 International Workshop on Mining Software Repositories},
    series       = {MSR '06},
    year         = {2006},
    location     = {Shanghai, China},
    pages        = {105--111},
    publisher    = {ACM},
    address      = {New York, NY, USA},
}


@inproceedings{Wang-etal:2008,
    author       = {wang, xiaoyin and zhang, lu and xie, tao and anvik, john and sun, jiasu},
    title        = {an approach to detecting duplicate bug reports using natural language and execution information},
    booktitle    = {proceedings of the 30th international conference on software engineering},
    series       = {icse '08},
    year         = {2008},
    location     = {leipzig, germany},
    pages        = {461--470},
    publisher    = {acm},
    address      = {new york, ny, usa},
}


@inproceedings{Dallmeier-etal:2007,
    author       = {Dallmeier, Valentin and Zimmermann, Thomas},
    title        = {Extraction of Bug Localization Benchmarks from History},
    booktitle    = {Proceedings of the Twenty-second IEEE/ACM International Conference on Automated Software Engineering},
    series       = {ASE '07},
    year         = {2007},
    location     = {Atlanta, Georgia, USA},
    pages        = {433--436},
    publisher    = {ACM},
    address      = {New York, NY, USA},
}


@article{Port-etal:2011,
    author       = {Dan Port and Allen Nikora and Jairus Hihn and LiGuo Huang},
    title        = {Experiences with text mining large collections of unstructured systems development artifacts at jpl},
    journal      = {Software Engineering, International Conference on},
    volume       = {},
    isbn         = {978-1-4503-0445-0},
    year         = {2011},
    pages        = {701-710},
    publisher    = {IEEE Computer Society},
    address      = {Los Alamitos, CA, USA},
}


@article{Deerwester-etal:1990,
    title        = {Indexing by latent semantic analysis},
    author       = {Deerwester, Scott C. and Dumais, Susan T. and Landauer, Thomas K. and Furnas, George W. and Harshman, Richard A.},
    journal      = {J.\ Am.\ Soc.\ Inf.\ Sci.},
    volume       = 41,
    number       = 6,
    pages        = {391--407},
    year         = {1990},
}

@article{Salton-Buckley:1988,
    author       = {Salton, Gerard and Buckley, Christopher},
    title        = {Term-weighting Approaches in Automatic Text Retrieval},
    journal      = {Inf.\ Process.\ Manage.},
    volume       = 24,
    number       = 5,
    year         = 1988,
    pages        = {513--523},
}

@book{Salton:1971,
    author       = {Salton, G.},
    title        = {The SMART Retrieval System --- Experiments in Automatic Document Processing},
    year         = {1971},
    publisher    = {Prentice-Hall},
}

@inproceedings{Gensim,
    title        = {{Software Framework for Topic Modelling with Large Corpora}},
    author       = {Radim {\v R}eh{\r u}{\v r}ek and Petr Sojka},
    booktitle    = {Proc.\ of the LREC 2010 Wksp.\ on New Challenges for NLP Frameworks}},
    pages        = {45--50},
    year         = 2010,
    }


@inproceedings{Chuang-etal:2012,
    title        = {Termite: Visualization techniques for assessing textual topic models},
    author       = {Chuang, Jason and Manning, Christopher D and Heer, Jeffrey},
    booktitle    = {Proc.\ Int'l Working Conf.\ on Advanced Visual Interfaces},
    pages        = {74--77},
    year         = {2012},
}

@inproceedings{Wei-etal:2010,
    title        = {{TIARA}: a visual exploratory text analytic system},
    author       = {Wei, Furu and Liu, Shixia and Song, Yangqiu and Pan, Shimei and Zhou, Michelle X. and Qian, Weihong and Shi, Lei and Tan, Li and Zhang, Qiang},
    booktitle    = {Proc.\ 16th {ACM SIGKDD} Int'l Conf.\ on Knowledge Discovery and Data Mining},
    pages        = {153--162},
    year         = {2010},
}

@incollection{StopWords
    , author     = {C. Fox}
    , title      = {Lexical Analysis and Stoplists}
    , booktitle  = {Information Retrieval: Data Structures and Algorithms}
    , year       = 1992
        , editor = {W.B. Frakes and R. Baeza-Yates}
    , publisher  = {Prentice-Hall}
    , isbn       = {0-13-463837-9}
}

@inproceedings{Hindle-etal:2012,
    author       = {A. Hindle and C. Bird and T. Zimmerman and N. Nagappan},
    title        = {Relating requirements to implementation via topic analysis: Do topics extracted from requirements make sense to managers and developers?},
    booktitle    = {Proc.\ 28th IEEE Int'l Conf.\ on Software Maintenance},
    pages        = {243--252},
    year         = 2012,
}

@inproceedings{Hall-etal:2008,
    title        = {Studying the history of ideas using topic models},
    author       = {D. Hall and D. Jurafsky and C.D. Manning},
    booktitle    = {Proc.\ Conf.\ on Empirical Methods in Natural Language Processing},
    pages        = {363--371},
    year         = 2008,
}
